% use `texdoc biblatex` to get help
@article{nguyen2022deep,
  title={Deep learning for deepfakes creation and detection: A survey},
  author={Nguyen, Thanh Thi and Nguyen, Quoc Viet Hung and Nguyen, Dung Tien and Nguyen, Duc Thanh and Huynh-The, Thien and Nahavandi, Saeid and Nguyen, Thanh Tam and Pham, Quoc-Viet and Nguyen, Cuong M},
  journal={Computer Vision and Image Understanding},
  volume={223},
  pages={103525},
  year={2022},
  publisher={Elsevier}
}

@article{tolosana2020deepfakes,
  title={Deepfakes and beyond: A survey of face manipulation and fake detection},
  author={Tolosana, Ruben and Vera-Rodriguez, Ruben and Fierrez, Julian and Morales, Aythami and Ortega-Garcia, Javier},
  journal={Information Fusion},
  volume={64},
  pages={131--148},
  year={2020},
  publisher={Elsevier}
}

@inproceedings{hsu2022dual,
  title={Dual-Generator Face Reenactment},
  author={Hsu, Gee-Sern and Tsai, Chun-Hung and Wu, Hung-Yi},
  booktitle={Proceedings of the IEEE/CVF Conference on Computer Vision and Pattern Recognition},
  pages={642--650},
  year={2022}
}

@inproceedings{chen2020simswap,
  title={Simswap: An efficient framework for high fidelity face swapping},
  author={Chen, Renwang and Chen, Xuanhong and Ni, Bingbing and Ge, Yanhao},
  booktitle={Proceedings of the 28th ACM International Conference on Multimedia},
  pages={2003--2011},
  year={2020}
}

@inproceedings{li2020advancing,
  title={Advancing high fidelity identity swapping for forgery detection},
  author={Li, Lingzhi and Bao, Jianmin and Yang, Hao and Chen, Dong and Wen, Fang},
  booktitle={Proceedings of the IEEE/CVF Conference on Computer Vision and Pattern Recognition},
  pages={5074--5083},
  year={2020}
}

@inproceedings{zhu2021one,
  title={One shot face swapping on megapixels},
  author={Zhu, Yuhao and Li, Qi and Wang, Jian and Xu, Cheng-Zhong and Sun, Zhenan},
  booktitle={Proceedings of the IEEE/CVF conference on computer vision and pattern recognition},
  pages={4834--4844},
  year={2021}
}

@inproceedings{xu2022high,
  title={High-resolution face swapping via latent semantics disentanglement},
  author={Xu, Yangyang and Deng, Bailin and Wang, Junle and Jing, Yanqing and Pan, Jia and He, Shengfeng},
  booktitle={Proceedings of the IEEE/CVF Conference on Computer Vision and Pattern Recognition},
  pages={7642--7651},
  year={2022}
}

@www{Deepfacelab,
    title = {DeepFaceLab},
    author = {},
    year = {2020},
    url = {https://github.com/iperov/DeepFaceLab},
}

@www{Deepfacelab,
    title = {DeepFaceLab},
    author = {},
    year = {2020},
    url = {https://github.com/iperov/DeepFaceLab},
}

@article{李旭嵘2020,
  title={深度伪造与检测技术综述},
  author={李旭嵘 and 纪守领 and 吴春明 and 刘振广 and 邓水光 and 程鹏 and 杨珉 and 孔祥维},
  journal={软件学报},
  volume={32},
  number={2},
  pages={496--518},
  year={2020}
}

@inproceedings{tariq2022real,
  title={Am I a Real or Fake Celebrity? Evaluating Face Recognition and Verification APIs under Deepfake Impersonation Attack},
  author={Tariq, Shahroz and Jeon, Sowon and Woo, Simon S},
  booktitle={Proceedings of the ACM Web Conference 2022},
  pages={512--523},
  year={2022}
}

@article{li2022seeing,
  title={Seeing is living? rethinking the security of facial liveness verification in the deepfake era},
  author={Li, Changjiang and Wang, Li and Ji, Shouling and Zhang, Xuhong and Xi, Zhaohan and Guo, Shanqing and Wang, Ting},
  journal={CoRR abs/2202.10673},
  year={2022}
}

@inproceedings{rossler2019faceforensics++,
  title={Faceforensics++: Learning to detect manipulated facial images},
  author={Rossler, Andreas and Cozzolino, Davide and Verdoliva, Luisa and Riess, Christian and Thies, Justus and Nie{\ss}ner, Matthias},
  booktitle={Proceedings of the IEEE/CVF international conference on computer vision},
  pages={1--11},
  year={2019}
}

@inproceedings{li2020celeb,
  title={Celeb-df: A large-scale challenging dataset for deepfake forensics},
  author={Li, Yuezun and Yang, Xin and Sun, Pu and Qi, Honggang and Lyu, Siwei},
  booktitle={Proceedings of the IEEE/CVF conference on computer vision and pattern recognition},
  pages={3207--3216},
  year={2020}
}

@inproceedings{jiang2020deeperforensics,
  title={Deeperforensics-1.0: A large-scale dataset for real-world face forgery detection},
  author={Jiang, Liming and Li, Ren and Wu, Wayne and Qian, Chen and Loy, Chen Change},
  booktitle={Proceedings of the IEEE/CVF conference on computer vision and pattern recognition},
  pages={2889--2898},
  year={2020}
}

@inproceedings{zhou2021face,
  title={Face forensics in the wild},
  author={Zhou, Tianfei and Wang, Wenguan and Liang, Zhiyuan and Shen, Jianbing},
  booktitle={Proceedings of the IEEE/CVF conference on computer vision and pattern recognition},
  pages={5778--5788},
  year={2021}
}

@inproceedings{afchar2018mesonet,
  title={Mesonet: a compact facial video forgery detection network},
  author={Afchar, Darius and Nozick, Vincent and Yamagishi, Junichi and Echizen, Isao},
  booktitle={2018 IEEE international workshop on information forensics and security (WIFS)},
  pages={1--7},
  year={2018},
  organization={IEEE}
}

@inproceedings{li2020face,
  title={Face x-ray for more general face forgery detection},
  author={Li, Lingzhi and Bao, Jianmin and Zhang, Ting and Yang, Hao and Chen, Dong and Wen, Fang and Guo, Baining},
  booktitle={Proceedings of the IEEE/CVF conference on computer vision and pattern recognition},
  pages={5001--5010},
  year={2020}
}

@inproceedings{qian2020thinking,
  title={Thinking in frequency: Face forgery detection by mining frequency-aware clues},
  author={Qian, Yuyang and Yin, Guojun and Sheng, Lu and Chen, Zixuan and Shao, Jing},
  booktitle={European conference on computer vision},
  pages={86--103},
  year={2020},
  organization={Springer}
}

@inproceedings{haliassos2021lips,
  title={Lips don't lie: A generalisable and robust approach to face forgery detection},
  author={Haliassos, Alexandros and Vougioukas, Konstantinos and Petridis, Stavros and Pantic, Maja},
  booktitle={Proceedings of the IEEE/CVF conference on computer vision and pattern recognition},
  pages={5039--5049},
  year={2021}
}

@inproceedings{wang2022m2tr,
  title={M2tr: Multi-modal multi-scale transformers for deepfake detection},
  author={Wang, Junke and Wu, Zuxuan and Ouyang, Wenhao and Han, Xintong and Chen, Jingjing and Jiang, Yu-Gang and Li, Ser-Nam},
  booktitle={Proceedings of the 2022 International Conference on Multimedia Retrieval},
  pages={615--623},
  year={2022}
}

@inproceedings{dong2022protecting,
  title={Protecting Celebrities from DeepFake with Identity Consistency Transformer},
  author={Dong, Xiaoyi and Bao, Jianmin and Chen, Dongdong and Zhang, Ting and Zhang, Weiming and Yu, Nenghai and Chen, Dong and Wen, Fang and Guo, Baining},
  booktitle={Proceedings of the IEEE/CVF Conference on Computer Vision and Pattern Recognition},
  pages={9468--9478},
  year={2022}
}

@article{szegedy2013intriguing,
  title={Intriguing properties of neural networks},
  author={Szegedy, Christian and Zaremba, Wojciech and Sutskever, Ilya and Bruna, Joan and Erhan, Dumitru and Goodfellow, Ian and Fergus, Rob},
  journal={arXiv preprint arXiv:1312.6199},
  year={2013}
}

@inproceedings{hussain2021adversarial,
  title={Adversarial deepfakes: Evaluating vulnerability of deepfake detectors to adversarial examples},
  author={Hussain, Shehzeen and Neekhara, Paarth and Jere, Malhar and Koushanfar, Farinaz and McAuley, Julian},
  booktitle={Proceedings of the IEEE/CVF winter conference on applications of computer vision},
  pages={3348--3357},
  year={2021}
}